% Encoding: UTF-8

@Article{sikdar2021infinity,
    author       = {Satyaki Sikdar and Daniel Gonzalez and Trenton Ford and Tim Weninger},
    journal      = { },
    title        = {{ }},
    year         = { },
    issn         = { },
    note         = { },
    pages        = { },
    volume       = { },
    doi          = { },
    publisher    = { },
}

@InProceedings{hibshman2021sst,
    author       = {Justus Hibshman and Daniel Gonzalez and Satyaki Sikdar and Tim Weninger},
    booktitle    = {Web Search and Data Mining},
    title        = {{Joint Subgraph-to-Subgraph Transitions}},
    year         = {2021},
    %doi          = {},
}

@Article{gonzalez2015monotone,
       author = {{Gonzalez}, Daniel and {Wright}, Cameron and {Zomback}, Jenna},
        title = "{Monotone Catenary Degree in Numerical Monoids}",
      journal = {arXiv e-prints},
     keywords = {Mathematics - Commutative Algebra},
         year = 2019,
        month = dec,
          eid = {arXiv:1912.08114},
        pages = {arXiv:1912.08114},
archivePrefix = {arXiv},
       eprint = {1912.08114},
 primaryClass = {math.AC},
       adsurl = {https://ui.adsabs.harvard.edu/abs/2019arXiv191208114G},
      adsnote = {Provided by the SAO/NASA Astrophysics Data System}
}

@PhdThesis{gonzalez2023thesis,
    author       = {Daniel Gonzalez},
    school       = {Department of Computer Science, University of Notre Dame},
    title        = {{ }},
    year         = {2023},
    month        = { },
    isbn         = { },
}

@Comment{jabref-meta: databaseType:bibtex;}

@Comment{jabref-meta: saveOrderConfig:specified;author;false;title;false;abstract;false;}
